@thesis{Erne2012,
        author = "Sebastian Erne",
        title = "Characterization of solitonic states in a trapped ultracold Bose Gas",
        school = "Heidelberg University",
        year = "2012",
        note = "Diploma thesis",
}

@article{GasenzerKarl2017,
		 author = "Thomas Gasenzer \& Markus Karl",
		 title = "Strongly anomalous non-thermal fixed point in a quenched two-dimensional Bose gas",
		 journal = " New J. Phys.",
  		 year    = "2017",
 		 volume  = "19 093014",
}

@book{BarenghiParker2016,
	  author = "Carlo F. Barenghi \& Nick G. Parker",
	  title = " Primer on Quantum Fluids",
	  publisher = "Springer",
	  year = "2016",
	  address = "Cham",
	  note = "\href{https://arxiv.org/abs/1605.09580}{arXiv:1605.09580}"
}